@inproceedings{monocular,
author = {Chen, Xieyuanli and Lu, Huimin and Xiao, Junhao and Zhang, Hui},
year = {2018},
month = {07},
pages = {},
title = {Distributed monocular multi-robot SLAM},
doi = {10.1109/CYBER.2018.8688219}
}

@ARTICLE{1067998,  author={S. I. {Roumeliotis} and G. A. {Bekey}},  journal={IEEE Transactions on Robotics and Automation},   title={Distributed multirobot localization},   year={2002},  volume={18},  number={5},  pages={781-795},  doi={10.1109/TRA.2002.803461}}

@ARTICLE{Lajoie2020DOORSLAM,  
author={P. {Lajoie} and B. {Ramtoula} and Y. {Chang} and L. {Carlone} and G. {Beltrame}},  
journal={IEEE Robotics and Automation Letters},   
title={DOOR-SLAM: Distributed, Online, and Outlier Resilient SLAM for Robotic Teams},
year={2020},  
volume={5},  
number={2},  
pages={1656-1663},}

@ARTICLE{1638022,  
author={H. {Durrant-Whyte} and T. {Bailey}},  
journal={IEEE Robotics   Automation Magazine},   title={Simultaneous localization and mapping: part I},   year={2006},  
volume={13},  
number={2},  
pages={99-110},  
doi={10.1109/MRA.2006.1638022}
}

@article{Bonin,
author = {Bonin-Font, Francisco and Burguera, Antoni},
year = {2020},
month = {06},
pages = {},
title = {Towards Multi-Robot Visual Graph-SLAM for Autonomous Marine Vehicles},
volume = {8},
journal = {Journal of Marine Science and Engineering},
doi = {10.3390/jmse8060437}
}

@inproceedings{Konrad2019SimulationOM,
  title={Simulation of Mobile Robots with Unity and ROS : A Case-Study and a Comparison with Gazebo},
  author={A. Konrad},
  year={2019}
}

@masterthesis{Horner2016,
  author = {Jiří Hörner},
  title = {Map-merging for multi-robot system},
  address = {Prague},
  year = {2016},
  school = {Charles University in Prague, Faculty of Mathematics and Physics},
  type = {Bachelor's thesis},
  URL = {https://is.cuni.cz/webapps/zzp/detail/174125/},
}

@misc{bischoffm,
    author       = {Martin Bischoff},
    title        = {{ROS\#}},
    month        = Dec,
    year         = 2020,
    version      = {1.6},
    publisher    = {GitHub},
    url          = {https://github.com/siemens/ros-sharp/releases/tag/v1.6}
}

@INPROCEEDINGS{CompareSim,
  author={M. {Santos Pessoa de Melo} and J. {Gomes da Silva Neto} and P. {Jorge Lima da Silva} and J. M. X. {Natario Teixeira} and V. {Teichrieb}},
  booktitle={2019 21st Symposium on Virtual and Augmented Reality (SVR)}, 
  title={Analysis and Comparison of Robotics 3D Simulators}, 
  year={2019},
  volume={},
  number={},
  pages={242-251},
  doi={10.1109/SVR.2019.00049}
  }
  
 @INPROCEEDINGS{Tools,  
     author={S. {Ivaldi} and J. {Peters} and V. {Padois} and F. {Nori}},  
     booktitle={2014 IEEE-RAS International Conference on Humanoid Robots},   
     title={Tools for simulating humanoid robot dynamics: A survey based on user feedback},   year={2014},  
     volume={},  
     number={},  
     pages={842-849},  
     doi={10.1109/HUMANOIDS.2014.7041462}
 }
 
@INPROCEEDINGS{ros2unity,
    author = {Babaians, Edwin and Tamiz, Mohsen and Sarfi, Yaser and Mogoei, Amir and Mehrabi, Esmaeil},
    year = {2018},
    month = {12},
    pages = {59-64},
    title = {ROS2Unity3D; High-Performance Plugin to Interface ROS with Unity3d engine},
    doi = {10.1109/AIAR.2018.8769798}
}